@article {Ani86,
    AUTHOR = {Anick, David J.},
     TITLE = {On the homology of associative algebras},
   JOURNAL = {Trans. Amer. Math. Soc.},
  FJOURNAL = {Transactions of the American Mathematical Society},
    VOLUME = {296},
      YEAR = {1986},
    NUMBER = {2},
     PAGES = {641--659},
      ISSN = {0002-9947},
     CODEN = {TAMTAM},
   MRCLASS = {16A62 (13D03 55S10)},
  MRNUMBER = {846601},
MRREVIEWER = {V. P. Snaith},
       DOI = {10.2307/2000383},
       URL = {http://dx.doi.org/10.2307/2000383},
}
	
@book {LV12,
    AUTHOR = {Loday, Jean-Louis and Vallette, Bruno},
     TITLE = {Algebraic operads},
    SERIES = {Grundlehren der Mathematischen Wissenschaften [Fundamental
              Principles of Mathematical Sciences]},
    VOLUME = {346},
 PUBLISHER = {Springer, Heidelberg},
      YEAR = {2012},
     PAGES = {xxiv+634},
      ISBN = {978-3-642-30361-6},
   MRCLASS = {18D50 (16E99)},
  MRNUMBER = {2954392},
MRREVIEWER = {Andrey Yu. Lazarev},
       DOI = {10.1007/978-3-642-30362-3},
       URL = {http://dx.doi.org/10.1007/978-3-642-30362-3},
}

@article {Pri70,
    AUTHOR = {Priddy, Stewart B.},
     TITLE = {Koszul resolutions},
   JOURNAL = {Trans. Amer. Math. Soc.},
  FJOURNAL = {Transactions of the American Mathematical Society},
    VOLUME = {152},
      YEAR = {1970},
     PAGES = {39--60},
      ISSN = {0002-9947},
   MRCLASS = {18.20},
  MRNUMBER = {0265437},
MRREVIEWER = {A. K. Bousfield},
}

@article{CCG18,
    author = {Chenavier, C. and Cordero, C. and Giraudo, S.},
    title = {{Generalizations of the associative operad and convergent
        rewrite systems}},
    journal = {Higher-Dimensional Rewriting and Algebra},
    year = {2018},
    volume = {Preprint no. 143}
}

@article{Row10,
    author = {Rowland, E. S.},
    title = {{Pattern avoidance in binary trees}},
    journal = {J. Comb. Theory A},
    volume = {117},
    year = {2010},
    number = {6},
    pages = {741--758}
}

@article{KP15,
    author = {Khoroshkin, A. and Piontkovski, D.},
    title = {{On generating series of finitely presented operads}},
    journal = {J. Algebra},
    volume = {426},
    year = {2015},
    pages = {377--429}
}

@article{Hof10,
    author = {Hoffbeck, E.},
    title = {{A Poincar\'e-Birkhoff-Witt criterion for Koszul operads}},
    journal = {Manuscripta Math.},
    volume = {131},
    year = {2010},
    number = {1-2},
    pages = {87--110}
}

@article{New42,
    author = {Newman, M. H. A.},
    title = {{On theories with a combinatorial definition of
        ``equivalence.''}},
    journal = {Ann. Math.},
    number = {2},
    volume = {43},
    year = {1942},
    pages = {223--243}
}

@article{Gir18,
    author = {Giraudo, S.},
    title = {{Tree series and pattern avoidance in syntax trees}},
    journal = {Prepublication},
    volume = {},
    year = {2018},
    number = {},
    pages = {}
}

@article{Gir16,
    author = {Giraudo, S.},
    title = {{Operads from posets and Koszul duality}},
    journal = {Eur. J. Combin.},
    volume = {56C},
    pages = {1--32},
    year = {2016}
}

@book{BN98,
    author = {Baader, F. and Nipkow, T.},
    title = {{Term rewriting and all that}},
    publisher = {Cambridge University Press},
    year = {1998},
    pages = {xii+301}
}

@article{DK10,
    author = {Dotsenko, V. and Khoroshkin, A.},
    title = {Gr\"obner bases for operads},
    journal = {Duke Math. J.},
    volume = {153},
    year = {2010},
    number = {2},
    pages = {363--396}
}

@book{Knu98,
    author = {Knuth, D.},
    title = {The art of computer programming, volume 3:
        Sorting and searching},
    publisher = {Addison Wesley Longman},
    year = {1998},
    pages = {xiv+780}
}

@article{Tam62,
    author = {Tamari, D.},
    title = {{The algebra of bracketings and their enumeration}},
    journal = {Nieuw Arch. Wisk.},
    year = {1962},
    volume = {10},
    number = {3},
    pages = {131--146}
}

@article{Cha06,
    author = {Chapoton, F.},
    title = {{Sur le nombre d'intervalles dans les treillis de Tamari}},
    journal = {SÃ©m. Lothar. Combin.},
    year = {2006},
    volume = {55}
}

@article{AVL62,
    author = {Adelson-Velsky, G.M. and Landis, E. M.},
    title = {{An algorithm for the organization of information}},
    journal = {Soviet Mathematics Doklady},
    pages = {1259--1263},
    volume = {3},
    year = {1962}
}

@article{HT72,
    author = {Huang, S. and Tamari, D.},
    title = {{Problems of associativity: A simple proof for the lattice
        property of systems ordered by a semi-associative law}},
    journal = {J. Comb. Theory. A},
    year = {1972},
    volume = {13},
    pages = {7--13}
}
